<record><leader>00000cas a22000007a 4500</leader><controlfield tag="001">9856481</controlfield><controlfield tag="008">830829d18601860mauuu ne      0    0eng d</controlfield><datafield ind1=" " ind2=" " tag="010"><subfield code="a">sn 83021041 </subfield></datafield><datafield ind1=" " ind2=" " tag="040"><subfield code="a">NPX</subfield><subfield code="b">eng</subfield><subfield code="c">NPX</subfield><subfield code="d">DLC</subfield><subfield code="d">OCLCO</subfield></datafield><datafield ind1="1" ind2=" " tag="029"><subfield code="a">AU@</subfield><subfield code="b">000025800281</subfield></datafield><datafield ind1=" " ind2=" " tag="042"><subfield code="a">msc</subfield></datafield><datafield ind1=" " ind2=" " tag="043"><subfield code="a">n-us-ma</subfield></datafield><datafield ind1="0" ind2="4" tag="245"><subfield code="a">The Worcester true Republican.</subfield></datafield><datafield ind1=" " ind2=" " tag="260"><subfield code="a">Worcester [Mass. :</subfield><subfield code="b">s.n.],</subfield><subfield code="c">1860-</subfield></datafield><datafield ind1=" " ind2=" " tag="300"><subfield code="a">v. ;</subfield><subfield code="c">48 cm.</subfield></datafield><datafield ind1="0" ind2=" " tag="362"><subfield code="a">Vol. 1, no. 1 (Nov. 1, 1860).</subfield></datafield><datafield ind1=" " ind2=" " tag="500"><subfield code="a">No more published. Cf. Hull, D.  Hist. of Worcester newspapers (typescript at American Antiquarian Society).</subfield></datafield><datafield ind1=" " ind2=" " tag="580"><subfield code="a">Published in opposition to: Worcester Republican (Worcester, Mass.  : 1860).</subfield></datafield><datafield ind1=" " ind2=" " tag="500"><subfield code="a">"Republican." Campaign paper, urging the defeat of Eli Thayer, Worcester's congressman, and advocating the election of Goldsmith F. Bailey.</subfield></datafield><datafield ind1="1" ind2="0" tag="600"><subfield code="a">Bailey, Goldsmith Fox,</subfield><subfield code="d">1823-1862.</subfield></datafield><datafield ind1=" " ind2=" " tag="752"><subfield code="a">United States</subfield><subfield code="b">Massachusetts</subfield><subfield code="c">Worcester</subfield><subfield code="d">Worcester.</subfield></datafield><datafield ind1="1" ind2=" " tag="787"><subfield code="t">Worcester Republican (Worcester, Mass. : 1860)</subfield><subfield code="w">(DLC)sn 83020926</subfield></datafield></record>